<?xml version="1.0" encoding="UTF-8"?><collection xmlns="http://www.loc.gov/MARC21/slim"><record><leader>00390nam--2200133-i-4500</leader><controlfield tag="001">000034465</controlfield><controlfield tag="002">20161230</controlfield><controlfield tag="005">20161230201040</controlfield><controlfield tag="008">060222s1000------------r-----000-0-eng-d</controlfield><datafield ind1=" " ind2=" " tag="100"><subfield code="a">Maillard, M., Roule, L</subfield></datafield><datafield ind1=" " ind2=" " tag="245"><subfield code="a">Scintillographie medicale (scanning). revue des travaux recents</subfield></datafield><datafield ind1=" " ind2=" " tag="260"><subfield code="a">Saclay, Centre D`Etudes Nucleaires, 1961. 51p</subfield></datafield><datafield ind1=" " ind2=" " tag="490"><subfield code="a">Serie Bibliographies</subfield></datafield><datafield ind1=" " ind2=" " tag="852"><subfield code="a">D.1021</subfield></datafield></record></collection>